aileneettinger@Ailenes-MacBook-Air.local.60728