%% This BibTeX bibliography file was created using BibDesk.
%% http://bibdesk.sourceforge.net/


%% Created for Ailene Ettinger at 2018-04-05 14:14:37 -0400 


%% Saved with string encoding Unicode (UTF-8)

@article{hare1995,
  title={Climate change and salmon production in the Northeast Pacific Ocean},
  author={Hare, SR and Francis, RC},
  journal={Canadian Special Publication of Fisheries and Aquatic Sciences},
  pages={357--372},
  year={1995},
  publisher={BOOKS EXPRESS}
}
@article{crozier2008,
  title={Potential responses to climate change in organisms with complex life histories: evolution and plasticity in Pacific salmon},
  author={Crozier, Lisa G and Hendry, AP and Lawson, Peter W and Quinn, TP and Mantua, NJ and Battin, J and Shaw, RG and Huey, RB},
  journal={Evolutionary Applications},
  volume={1},
  number={2},
  pages={252--270},
  year={2008},
  publisher={Wiley Online Library}
}
@article{quinn1996,
  title={Environmental changes affecting the migratory timing of American shad and sockeye salmon},
  author={Quinn, Thomas P and Adams, Dean J},
  journal={Ecology},
  volume={77},
  number={4},
  pages={1151--1162},
  year={1996},
  publisher={Wiley Online Library}
}
@article{battin2007,
  title={Projected impacts of climate change on salmon habitat restoration},
  author={Battin, James and Wiley, Matthew W and Ruckelshaus, Mary H and Palmer, Richard N and Korb, Elizabeth and Bartz, Krista K and Imaki, Hiroo},
  journal={Proceedings of the national academy of sciences},
  volume={104},
  number={16},
  pages={6720--6725},
  year={2007},
  publisher={National Acad Sciences}
}
@article{mantua2010,
  title={Climate change impacts on streamflow extremes and summertime stream temperature and their possible consequences for freshwater salmon habitat in Washington State},
  author={Mantua, Nathan and Tohver, Ingrid and Hamlet, Alan},
  journal={Climatic Change},
  volume={102},
  number={1-2},
  pages={187--223},
  year={2010},
  publisher={Springer}
}
@article{portner2008,
  title={Physiology and climate change},
  author={P{\"o}rtner, Hans O and Farrell, Anthony P},
  journal={Science},
  pages={690--692},
  year={2008},
  publisher={JSTOR}
}
@article{weinheimer2017,
  title={Monitoring Climate Impacts: Survival and Migration Timing of Summer Chum Salmon in Salmon Creek, Washington},
  author={Weinheimer, Joshua and Anderson, Joseph H and Downen, Mark and Zimmerman, Mara and Johnson, Thom},
  journal={Transactions of the American Fisheries Society},
  volume={146},
  number={5},
  pages={983--995},
  year={2017},
  publisher={Taylor \& Francis}
}
@article{reed2011,
  title={Time to evolve? Potential evolutionary responses of Fraser River sockeye salmon to climate change and effects on persistence},
  author={Reed, Thomas E and Schindler, Daniel E and Hague, Merran J and Patterson, David A and Meir, Eli and Waples, Robin S and Hinch, Scott G},
  journal={PLoS One},
  volume={6},
  number={6},
  pages={e20380},
  year={2011},
  publisher={Public Library of Science}
}
@article{ford2006,
  title={Changes in run timing and natural smolt production in a naturally spawning coho salmon (Oncorhynchus kisutch) population after 60 years of intensive hatchery supplementation},
  author={Ford, Michael J and Fuss, Howard and Boelts, Brant and LaHood, Eric and Hard, Jeffrey and Miller, Jason},
  journal={Canadian Journal of Fisheries and Aquatic Sciences},
  volume={63},
  number={10},
  pages={2343--2355},
  year={2006},
  publisher={NRC Research Press}
}

@article{olson2018,
  title={Sightings of southern resident killer whales in the Salish Sea 1976--2014: the importance of a long-term opportunistic dataset},
  author={Olson, Jennifer K and Wood, Jason and Osborne, Richard W and Barrett-Lennard, Lance and Larson, Shawn},
  journal={Endangered Species Research},
  volume={37},
  pages={105--118},
  year={2018}
}